<record><leader>00000cas a22000007a 4500</leader><controlfield tag="001">10820379</controlfield><controlfield tag="008">840608d18081811njuwr ne      0    0eng  </controlfield><datafield ind1=" " ind2=" " tag="010"><subfield code="a">sn 84020465 </subfield></datafield><datafield ind1=" " ind2=" " tag="040"><subfield code="a">DLC</subfield><subfield code="b">eng</subfield><subfield code="c">DLC</subfield><subfield code="d">NPX</subfield><subfield code="d">NJW</subfield><subfield code="d">MGN</subfield><subfield code="d">DLC</subfield><subfield code="d">OCLCQ</subfield><subfield code="d">DLC</subfield><subfield code="d">OCLCQ</subfield><subfield code="d">OCLCO</subfield><subfield code="d">OCLCQ</subfield></datafield><datafield ind1=" " ind2=" " tag="042"><subfield code="a">msc</subfield></datafield><datafield ind1="0" ind2="0" tag="050"><subfield code="a">Newspaper</subfield></datafield><datafield ind1="0" ind2=" " tag="130"><subfield code="a">Genius of liberty (Morristown, N.J. : 1808)</subfield></datafield><datafield ind1="1" ind2="4" tag="245"><subfield code="a">The genius of liberty.</subfield></datafield><datafield ind1=" " ind2=" " tag="260"><subfield code="a">Morris-Town, N.J. :</subfield><subfield code="b">Henry P. Russell</subfield></datafield><datafield ind1=" " ind2=" " tag="300"><subfield code="a">v.</subfield></datafield><datafield ind1=" " ind2=" " tag="310"><subfield code="a">Weekly</subfield></datafield><datafield ind1="1" ind2=" " tag="362"><subfield code="a">Began in 1808? Ceased July 30, 1811.</subfield></datafield><datafield ind1=" " ind2=" " tag="500"><subfield code="a">Publishers: Henry P. Russell, &lt;1808&gt;; Charles Russell, 1808-&lt;1809&gt;; Henry P. Russell, &lt;1810-1811&gt;.</subfield></datafield><datafield ind1=" " ind2=" " tag="588"><subfield code="a">Description based on: Vol. 12, no. 630 (June 12, 1810).</subfield></datafield><datafield ind1="1" ind2=" " tag="700"><subfield code="a">Russell, Henry P.,</subfield><subfield code="d">1777?-1822.</subfield></datafield><datafield ind1="1" ind2=" " tag="700"><subfield code="a">Russell, Charles.</subfield></datafield><datafield ind1=" " ind2=" " tag="752"><subfield code="a">United States</subfield><subfield code="b">New Jersey</subfield><subfield code="c">Morris</subfield><subfield code="d">Morristown.</subfield></datafield><datafield ind1="0" ind2="0" tag="780"><subfield code="t">Genius of liberty and Morris advertiser</subfield><subfield code="w">(DLC)sn 84025703</subfield><subfield code="w">(OCoLC)10293627</subfield></datafield><datafield ind1="0" ind2="0" tag="785"><subfield code="t">Morris-Town herald (Morristown, N.J. : 1811)</subfield><subfield code="w">(DLC)sn 85025297</subfield><subfield code="w">(OCoLC)11635590</subfield></datafield><datafield ind1="1" ind2=" " tag="029"><subfield code="a">AU@</subfield><subfield code="b">000026221933</subfield></datafield></record>